% This file was created with Citavi 5.7.1.0

@article{Meng.2019,
 author = {Meng, Xianyu and Cao, Guohua and Li, Xue and Lv, Qiongying},
 year = {2019},
 title = {{2-D Scanning Galvanometer Error Analysis and Its Correction}},
 pages = {022068},
 volume = {1345},
 issn = {1742-6588},
 journal = {{Journal of Physics: Conference Series}},
 doi = {\url{10.1088/1742-6596/1345/2/022068}}
}


@misc{SemiconductorComponentsIndustries.2007,
 year = {2007},
 title = {{NPN $-$ BC368; PNP $-$ BC369 Amplifier Transistors}},
 url = {\url{https://www.onsemi.com/pub/Collateral/BC368-D.PDF}},
 urldate = {06.09.2020}
}


@misc{TexasInstruments.1997,
 editor = {{Texas Instruments}},
 year = {1997},
 title = {{LM3173-TerminalAdjustableRegulator}},
 url = {\url{https://www.ti.com/lit/ds/symlink/lm317.pdf}},
 urldate = {06.09.2020}
}


